<record><leader>00000cas a22000007a 4500</leader><controlfield tag="001">15721582</controlfield><controlfield tag="008">870521d18831887inudn ne      0    0eng d</controlfield><datafield ind1=" " ind2=" " tag="010"><subfield code="a">sn 87056061 </subfield></datafield><datafield ind1=" " ind2=" " tag="040"><subfield code="a">NPI</subfield><subfield code="b">eng</subfield><subfield code="c">NPI</subfield><subfield code="d">OCLCQ</subfield></datafield><datafield ind1=" " ind2=" " tag="042"><subfield code="a">msc</subfield></datafield><datafield ind1="0" ind2=" " tag="130"><subfield code="a">Daily news (Goshen, Ind.)</subfield></datafield><datafield ind1="1" ind2="0" tag="245"><subfield code="a">Daily news.</subfield></datafield><datafield ind1=" " ind2=" " tag="260"><subfield code="a">Goshen, Ind. :</subfield><subfield code="b">Thos. A. Starr,</subfield><subfield code="c">1883-1887.</subfield></datafield><datafield ind1=" " ind2=" " tag="310"><subfield code="a">Daily (except Sun.)</subfield></datafield><datafield ind1="0" ind2=" " tag="362"><subfield code="a">Vol. 1, no. 1 (Dec. 10, 1883)-v. 2, whole no. 624 (Dec. 5, 1885) ; v. 3 (Dec. 7, 1885)-v. 4 (Dec. 9, 1887).</subfield></datafield><datafield ind1=" " ind2=" " tag="580"><subfield code="a">Also published in weekly eds. called: Weekly independent, 1883-1885; Weekly news, 1885-1888.</subfield></datafield><datafield ind1=" " ind2=" " tag="752"><subfield code="a">United States</subfield><subfield code="b">Indiana</subfield><subfield code="c">Elkhart</subfield><subfield code="d">Goshen.</subfield></datafield><datafield ind1="1" ind2=" " tag="775"><subfield code="t">Weekly independent (Goshen, Ind.)</subfield><subfield code="w">(DLC)sn 87055820</subfield></datafield><datafield ind1="1" ind2=" " tag="775"><subfield code="t">Weekly news (Goshen, Ind.)</subfield><subfield code="w">(DLC)sn 87055822</subfield></datafield><datafield ind1="0" ind2="0" tag="785"><subfield code="t">Goshen daily news</subfield><subfield code="w">(DLC)sn 86063072</subfield></datafield></record>